@article{alon1999space,
  title={The space complexity of approximating the frequency moments},
  author={Alon, Noga and Matias, Yossi and Szegedy, Mario},
  journal={Journal of Computer and system sciences},
  volume={58},
  number={1},
  pages={137--147},
  year={1999},
  publisher={Elsevier}
}
